<!DOCTYPE html>
<meta charset="utf-8" />
<!-- version 1 -->
<title>[Gen 8] Balanced Hackmons replay: Brae Emit vs. frozenLake123</title>
<style>
html,body {font-family:Verdana, sans-serif;font-size:10pt;margin:0;padding:0;}body{padding:12px 0;} .battle-log {font-family:Verdana, sans-serif;font-size:10pt;} .battle-log-inline {border:1px solid #AAAAAA;background:#EEF2F5;color:black;max-width:640px;margin:0 auto 80px;padding-bottom:5px;} .battle-log .inner {padding:4px 8px 0px 8px;} .battle-log .inner-preempt {padding:0 8px 4px 8px;} .battle-log .inner-after {margin-top:0.5em;} .battle-log h2 {margin:0.5em -8px;padding:4px 8px;border:1px solid #AAAAAA;background:#E0E7EA;border-left:0;border-right:0;font-family:Verdana, sans-serif;font-size:13pt;} .battle-log .chat {vertical-align:middle;padding:3px 0 3px 0;font-size:8pt;} .battle-log .chat strong {color:#40576A;} .battle-log .chat em {padding:1px 4px 1px 3px;color:#000000;font-style:normal;} .chat.mine {background:rgba(0,0,0,0.05);margin-left:-8px;margin-right:-8px;padding-left:8px;padding-right:8px;} .spoiler {color:#BBBBBB;background:#BBBBBB;padding:0px 3px;} .spoiler:hover, .spoiler:active, .spoiler-shown {color:#000000;background:#E2E2E2;padding:0px 3px;} .spoiler a {color:#BBBBBB;} .spoiler:hover a, .spoiler:active a, .spoiler-shown a {color:#2288CC;} .chat code, .chat .spoiler:hover code, .chat .spoiler:active code, .chat .spoiler-shown code {border:1px solid #C0C0C0;background:#EEEEEE;color:black;padding:0 2px;} .chat .spoiler code {border:1px solid #CCCCCC;background:#CCCCCC;color:#CCCCCC;} .battle-log .rated {padding:3px 4px;} .battle-log .rated strong {color:white;background:#89A;padding:1px 4px;border-radius:4px;} .spacer {margin-top:0.5em;} .message-announce {background:#6688AA;color:white;padding:1px 4px 2px;} .message-announce a, .broadcast-green a, .broadcast-blue a, .broadcast-red a {color:#DDEEFF;} .broadcast-green {background-color:#559955;color:white;padding:2px 4px;} .broadcast-blue {background-color:#6688AA;color:white;padding:2px 4px;} .infobox {border:1px solid #6688AA;padding:2px 4px;} .infobox-limited {max-height:200px;overflow:auto;overflow-x:hidden;} .broadcast-red {background-color:#AA5544;color:white;padding:2px 4px;} .message-learn-canlearn {font-weight:bold;color:#228822;text-decoration:underline;} .message-learn-cannotlearn {font-weight:bold;color:#CC2222;text-decoration:underline;} .message-effect-weak {font-weight:bold;color:#CC2222;} .message-effect-resist {font-weight:bold;color:#6688AA;} .message-effect-immune {font-weight:bold;color:#666666;} .message-learn-list {margin-top:0;margin-bottom:0;} .message-throttle-notice, .message-error {color:#992222;} .message-overflow, .chat small.message-overflow {font-size:0pt;} .message-overflow::before {font-size:9pt;content:'...';} .subtle {color:#3A4A66;}
</style>
<div class="wrapper replay-wrapper" style="max-width:1180px;margin:0 auto">
<input type="hidden" name="replayid" value="gen8balancedhackmons-1399097046" />
<div class="battle"></div><div class="battle-log"></div><div class="replay-controls"></div><div class="replay-controls-2"></div>
<h1 style="font-weight:normal;text-align:center"><strong>[Gen 8] Balanced Hackmons</strong><br /><a href="http://pokemonshowdown.com/users/braeemit" class="subtle" target="_blank">Brae Emit</a> vs. <a href="http://pokemonshowdown.com/users/frozenlake123" class="subtle" target="_blank">frozenLake123</a></h1>
<script type="text/plain" class="battle-log-data">|j|☆Brae Emit
|j|☆frozenLake123
|t:|1629310655
|gametype|singles
|player|p1|Brae Emit|elesa|
|player|p2|frozenLake123|101|
|teamsize|p1|1
|teamsize|p2|1
|gen|8
|tier|[Gen 8] Balanced Hackmons
|rule|OHKO Clause: OHKO moves are banned
|rule|Evasion Moves Clause: Evasion moves are banned
|rule|Forme Clause: Limit one of each forme of a Pokémon
|rule|HP Percentage Mod: HP is shown in percentages
|rule|Dynamax Clause: You cannot dynamax
|rule|Sleep Clause Mod: Limit one foe put to sleep
|rule|Endless Battle Clause: Forcing endless battles is banned
|clearpoke
|poke|p1|Slowbro-Galar, L50, M|
|poke|p2|Darmanitan, L50, M|
|teampreview
|
|t:|1629310667
|start
|switch|p1a: Pokey|Slowbro-Galar, L50, M|100\/100
|switch|p2a: Charles|Darmanitan, L50, M|100\/100
|turn|1
|j| Katie Redington
|
|t:|1629310696
|move|p2a: Charles|Slash|p1a: Pokey
|-damage|p1a: Pokey|71\/100
|move|p1a: Pokey|Shell Side Arm|p2a: Charles|[anim] Shell Side Arm Physical
|-damage|p2a: Charles|50\/100
|-hint|Physical Shell Side Arm
|
|upkeep
|turn|2
|l| Katie Redington
|
|t:|1629310728
|move|p2a: Charles|Fire Punch|p1a: Pokey
|-damage|p1a: Pokey|24\/100
|move|p1a: Pokey|Shell Side Arm|p2a: Charles|[anim] Shell Side Arm Physical
|-damage|p2a: Charles|4\/100
|-hint|Physical Shell Side Arm
|
|upkeep
|turn|3
|
|t:|1629310749
|move|p2a: Charles|Sacred Sword|p1a: Pokey
|-resisted|p1a: Pokey
|-damage|p1a: Pokey|15\/100
|move|p1a: Pokey|Heal Pulse|p2a: Charles
|-heal|p2a: Charles|54\/100
|
|upkeep
|turn|4
|c|☆Brae Emit|"...Huh. I forgot that Heal Pulse heals others???"
|
|t:|1629310795
|move|p2a: Charles|Taunt|p1a: Pokey
|-start|p1a: Pokey|move: Taunt
|move|p1a: Pokey|Shell Side Arm|p2a: Charles|[anim] Shell Side Arm Physical
|-damage|p2a: Charles|12\/100
|-hint|Physical Shell Side Arm
|
|upkeep
|turn|5
|
|t:|1629310829
|move|p2a: Charles|Slash|p1a: Pokey
|-damage|p1a: Pokey|0 fnt
|faint|p1a: Pokey
|
|win|frozenLake123
|j| wertercatt
</script>
</div>
<div class="battle-log battle-log-inline"><div class="inner"><div class="battle-options"></div><div class="inner message-log"><div class="chat"><small>☆Brae Emit and ☆frozenLake123 joined</small></div><div class=""><small>Format:</small> <br><strong>[Gen 8] Balanced Hackmons</strong></div><div class=""><small><em>OHKO Clause:</em> OHKO moves are banned</small></div><div class=""><small><em>Evasion Moves Clause:</em> Evasion moves are banned</small></div><div class=""><small><em>Forme Clause:</em> Limit one of each forme of a Pokémon</small></div><div class=""><small><em>HP Percentage Mod:</em> HP is shown in percentages</small></div><div class=""><small><em>Dynamax Clause:</em> You cannot dynamax</small></div><div class=""><small><em>Sleep Clause Mod:</em> Limit one foe put to sleep</small></div><div class=""><small><em>Endless Battle Clause:</em> Forcing endless battles is banned</small></div><div class="chat battle-history"><strong>Brae Emit's team:</strong> <em style="color:#445566;display:block;">Slowbro-Galar</em></div><div class="chat battle-history"><strong>frozenLake123's team:</strong> <em style="color:#445566;display:block;">Darmanitan</em></div><div class="spacer battle-history"><br></div><div class="battle-history">Battle started between Brae Emit and frozenLake123!<br></div><div class="spacer battle-history"><br></div><div class="battle-history">Go! Pokey (<strong>Slowbro-Galar</strong>)!<br></div><div class="spacer battle-history"><br></div><div class="battle-history">frozenLake123 sent out Charles (<strong>Darmanitan</strong>)!<br></div><div class="spacer battle-history"><br></div><h2 class="battle-history">Turn 1</h2><div class="chat"><small> Katie Redington joined</small></div><div class="spacer battle-history"><br></div><div class="battle-history">The opposing Charles used <strong>Slash</strong>!<br></div><div class="battle-history"><small>(Pokey lost 29% of its health!)</small><br></div><div class="spacer battle-history"><br></div><div class="battle-history">Pokey used <strong>Shell Side Arm</strong>!<br></div><div class="battle-history"><small>(The opposing Charles lost 50% of its health!)</small><br></div><div class="battle-history"><small>(Physical Shell Side Arm)</small><br></div><div class="spacer battle-history"><br></div><h2 class="battle-history">Turn 2</h2><div class="chat"><small> Katie Redington left</small></div><div class="spacer battle-history"><br></div><div class="battle-history">The opposing Charles used <strong>Fire Punch</strong>!<br></div><div class="battle-history"><small>(Pokey lost 47% of its health!)</small><br></div><div class="spacer battle-history"><br></div><div class="battle-history">Pokey used <strong>Shell Side Arm</strong>!<br></div><div class="battle-history"><small>(The opposing Charles lost 46% of its health!)</small><br></div><div class="battle-history"><small>(Physical Shell Side Arm)</small><br></div><div class="spacer battle-history"><br></div><h2 class="battle-history">Turn 3</h2><div class="spacer battle-history"><br></div><div class="battle-history">The opposing Charles used <strong>Sacred Sword</strong>!<br></div><div class="battle-history"><small>It's not very effective...</small><br></div><div class="battle-history"><small>(Pokey lost 9% of its health!)</small><br></div><div class="spacer battle-history"><br></div><div class="battle-history">Pokey used <strong>Heal Pulse</strong>!<br></div><div class="battle-history"><small>The opposing Charles had its HP restored.</small><br></div><div class="spacer battle-history"><br></div><h2 class="battle-history">Turn 4</h2><div class="chat chatmessage-braeemit"><strong style="color:#27a76e"><small>☆</small><span class="username" data-name="Brae Emit">Brae Emit</span>:</strong> <em>"...Huh. I forgot that Heal Pulse heals others???"</em></div><div class="spacer battle-history"><br></div><div class="battle-history">The opposing Charles used <strong>Taunt</strong>!<br></div><div class="battle-history"><small>Pokey fell for the taunt!</small><br></div><div class="spacer battle-history"><br></div><div class="battle-history">Pokey used <strong>Shell Side Arm</strong>!<br></div><div class="battle-history"><small>(The opposing Charles lost 42% of its health!)</small><br></div><div class="battle-history"><small>(Physical Shell Side Arm)</small><br></div><div class="spacer battle-history"><br></div><h2 class="battle-history">Turn 5</h2><div class="spacer battle-history"><br></div><div class="battle-history">The opposing Charles used <strong>Slash</strong>!<br></div><div class="battle-history"><small>(Pokey lost 15% of its health!)</small><br></div><div class="spacer battle-history"><br></div><div class="battle-history">Pokey fainted!<br></div><div class="spacer battle-history"><br></div><div class="battle-history"><strong>frozenLake123</strong> won the battle!<br></div><div class="chat"><small> wertercatt joined</small></div></div><div class="inner-preempt message-log"></div></div></div>
</div>
<script>
let daily = Math.floor(Date.now()/1000/60/60/24);document.write('<script src="https://play.pokemonshowdown.com/js/replay-embed.js?version'+daily+'"></'+'script>');
</script>
