<!DOCTYPE html>
<meta charset="utf-8" />
<!-- version 1 -->
<title>[Gen 8] National Dex AG replay: thyself vs. wertercatt</title>
<style>
html,body {font-family:Verdana, sans-serif;font-size:10pt;margin:0;padding:0;}body{padding:12px 0;} .battle-log {font-family:Verdana, sans-serif;font-size:10pt;} .battle-log-inline {border:1px solid #AAAAAA;background:#EEF2F5;color:black;max-width:640px;margin:0 auto 80px;padding-bottom:5px;} .battle-log .inner {padding:4px 8px 0px 8px;} .battle-log .inner-preempt {padding:0 8px 4px 8px;} .battle-log .inner-after {margin-top:0.5em;} .battle-log h2 {margin:0.5em -8px;padding:4px 8px;border:1px solid #AAAAAA;background:#E0E7EA;border-left:0;border-right:0;font-family:Verdana, sans-serif;font-size:13pt;} .battle-log .chat {vertical-align:middle;padding:3px 0 3px 0;font-size:8pt;} .battle-log .chat strong {color:#40576A;} .battle-log .chat em {padding:1px 4px 1px 3px;color:#000000;font-style:normal;} .chat.mine {background:rgba(0,0,0,0.05);margin-left:-8px;margin-right:-8px;padding-left:8px;padding-right:8px;} .spoiler {color:#BBBBBB;background:#BBBBBB;padding:0px 3px;} .spoiler:hover, .spoiler:active, .spoiler-shown {color:#000000;background:#E2E2E2;padding:0px 3px;} .spoiler a {color:#BBBBBB;} .spoiler:hover a, .spoiler:active a, .spoiler-shown a {color:#2288CC;} .chat code, .chat .spoiler:hover code, .chat .spoiler:active code, .chat .spoiler-shown code {border:1px solid #C0C0C0;background:#EEEEEE;color:black;padding:0 2px;} .chat .spoiler code {border:1px solid #CCCCCC;background:#CCCCCC;color:#CCCCCC;} .battle-log .rated {padding:3px 4px;} .battle-log .rated strong {color:white;background:#89A;padding:1px 4px;border-radius:4px;} .spacer {margin-top:0.5em;} .message-announce {background:#6688AA;color:white;padding:1px 4px 2px;} .message-announce a, .broadcast-green a, .broadcast-blue a, .broadcast-red a {color:#DDEEFF;} .broadcast-green {background-color:#559955;color:white;padding:2px 4px;} .broadcast-blue {background-color:#6688AA;color:white;padding:2px 4px;} .infobox {border:1px solid #6688AA;padding:2px 4px;} .infobox-limited {max-height:200px;overflow:auto;overflow-x:hidden;} .broadcast-red {background-color:#AA5544;color:white;padding:2px 4px;} .message-learn-canlearn {font-weight:bold;color:#228822;text-decoration:underline;} .message-learn-cannotlearn {font-weight:bold;color:#CC2222;text-decoration:underline;} .message-effect-weak {font-weight:bold;color:#CC2222;} .message-effect-resist {font-weight:bold;color:#6688AA;} .message-effect-immune {font-weight:bold;color:#666666;} .message-learn-list {margin-top:0;margin-bottom:0;} .message-throttle-notice, .message-error {color:#992222;} .message-overflow, .chat small.message-overflow {font-size:0pt;} .message-overflow::before {font-size:9pt;content:'...';} .subtle {color:#3A4A66;}
</style>
<div class="wrapper replay-wrapper" style="max-width:1180px;margin:0 auto">
<input type="hidden" name="replayid" value="gen8nationaldexag-1754832645" />
<div class="battle"></div><div class="battle-log"></div><div class="replay-controls"></div><div class="replay-controls-2"></div>
<h1 style="font-weight:normal;text-align:center"><strong>[Gen 8] National Dex AG</strong><br /><a href="http://pokemonshowdown.com/users/thyself" class="subtle" target="_blank">thyself</a> vs. <a href="http://pokemonshowdown.com/users/wertercatt" class="subtle" target="_blank">wertercatt</a></h1>
<script type="text/plain" class="battle-log-data">|j|☆thyself
|j|☆wertercatt

|t:|1672111947
|gametype|singles
|player|p1|thyself|2|
|player|p2|wertercatt|265|
|teamsize|p1|6
|teamsize|p2|6
|gen|8
|tier|[Gen 8] National Dex AG
|rule|HP Percentage Mod: HP is shown in percentages
|rule|Endless Battle Clause: Forcing endless battles is banned
|clearpoke
|poke|p1|Psyduck, L12, F|
|poke|p1|Machop, L15, F|
|poke|p1|Gyarados, L21, F|
|poke|p1|Kubfu, L25, F|
|poke|p1|Kricketune, L10, M|
|poke|p1|Pidgey, L9, M|
|poke|p2|Ivysaur, L25, M|
|poke|p2|Butterfree, L17, M|
|poke|p2|Nidoran-M, L12, M|
|poke|p2|Lapras, L11, F|
|poke|p2|Pikachu, L10, F|
|poke|p2|Clefairy, L8, F|
|teampreview
|c|☆wertercatt|(( it didn't like ARIA having Tackle for some reason))
|
|t:|1672111972
|start
|switch|p1a: Psyduck|Psyduck, L12, F|100\/100
|switch|p2a: Bilb|Ivysaur, L25, M|72\/72
|-ability|p1a: Psyduck|Cloud Nine
|turn|1
|c|☆thyself|((ah I see.))
|
|t:|1672111983
|move|p2a: Bilb|Razor Leaf|p1a: Psyduck
|-supereffective|p1a: Psyduck
|-damage|p1a: Psyduck|0 fnt
|faint|p1a: Psyduck
|
|upkeep
|
|t:|1672111999
|switch|p1a: Kubfu|Kubfu, L25, F|100\/100
|turn|2
|
|t:|1672112008
|move|p1a: Kubfu|Brick Break|p2a: Bilb
|-resisted|p2a: Bilb
|-damage|p2a: Bilb|52\/72
|move|p2a: Bilb|Sweet Scent|p1a: Kubfu
|-unboost|p1a: Kubfu|evasion|2
|
|upkeep
|turn|3
|
|t:|1672112016
|move|p1a: Kubfu|Focus Energy|p1a: Kubfu
|-start|p1a: Kubfu|move: Focus Energy
|move|p2a: Bilb|Vine Whip|p1a: Kubfu
|-damage|p1a: Kubfu|74\/100
|
|upkeep
|turn|4
|
|t:|1672112026
|move|p1a: Kubfu|Aerial Ace|p2a: Bilb
|-supereffective|p2a: Bilb
|-damage|p2a: Bilb|12\/72
|move|p2a: Bilb|Razor Leaf|p1a: Kubfu
|-damage|p1a: Kubfu|25\/100
|
|upkeep
|turn|5
|
|t:|1672112040
|move|p1a: Kubfu|Aerial Ace|p2a: Bilb
|-supereffective|p2a: Bilb
|-damage|p2a: Bilb|0 fnt
|faint|p2a: Bilb
|
|upkeep
|
|t:|1672112047
|switch|p2a: Writhe|Butterfree, L17, M|54\/54
|turn|6
|
|t:|1672112052
|move|p1a: Kubfu|Focus Energy||[still]
|-fail|p1a: Kubfu
|move|p2a: Writhe|Sleep Powder|p1a: Kubfu
|-status|p1a: Kubfu|slp|[from] move: Sleep Powder
|
|upkeep
|turn|7
|
|t:|1672112059
|cant|p1a: Kubfu|slp
|move|p2a: Writhe|Gust|p1a: Kubfu
|-supereffective|p1a: Kubfu
|-damage|p1a: Kubfu|0 fnt
|faint|p1a: Kubfu
|
|upkeep
|
|t:|1672112070
|switch|p1a: Mr. Fish|Gyarados, L21, F|100\/100
|-ability|p1a: Mr. Fish|Intimidate|boost
|-unboost|p2a: Writhe|atk|1
|turn|8
|
|t:|1672112077
|move|p1a: Mr. Fish|Waterfall|p2a: Writhe
|-damage|p2a: Writhe|0 fnt
|faint|p2a: Writhe
|
|upkeep
|
|t:|1672112084
|switch|p2a: Deb|Lapras, L11, F|50\/50
|turn|9
|
|t:|1672112089
|move|p1a: Mr. Fish|Scary Face|p2a: Deb
|-unboost|p2a: Deb|spe|2
|move|p2a: Deb|Sing|p1a: Mr. Fish|[miss]
|-miss|p2a: Deb|p1a: Mr. Fish
|
|upkeep
|turn|10
|
|t:|1672112096
|move|p1a: Mr. Fish|Waterfall|p2a: Deb
|-immune|p2a: Deb|[from] ability: Water Absorb
|move|p2a: Deb|Sing|p1a: Mr. Fish|[miss]
|-miss|p2a: Deb|p1a: Mr. Fish
|
|upkeep
|turn|11
|
|t:|1672112105
|switch|p1a: Machop|Machop, L15, F|100\/100
|move|p2a: Deb|Sing|p1a: Machop
|-status|p1a: Machop|slp|[from] move: Sing
|
|upkeep
|turn|12
|
|t:|1672112115
|move|p2a: Deb|Surf|p1a: Machop
|-damage|p1a: Machop|68\/100 slp
|cant|p1a: Machop|slp
|
|upkeep
|turn|13
|
|t:|1672112124
|move|p2a: Deb|Surf|p1a: Machop
|-damage|p1a: Machop|36\/100 slp
|cant|p1a: Machop|slp
|
|upkeep
|turn|14
|
|t:|1672112135
|move|p2a: Deb|Surf|p1a: Machop
|-damage|p1a: Machop|0 fnt
|faint|p1a: Machop
|
|upkeep
|
|t:|1672112142
|switch|p1a: Kricketune|Kricketune, L10, M|100\/100
|turn|15
|
|t:|1672112147
|move|p1a: Kricketune|Fury Cutter|p2a: Deb
|-damage|p2a: Deb|41\/50
|move|p2a: Deb|Sing|p1a: Kricketune|[miss]
|-miss|p2a: Deb|p1a: Kricketune
|
|upkeep
|turn|16
|
|t:|1672112153
|move|p1a: Kricketune|Fury Cutter|p2a: Deb
|-damage|p2a: Deb|25\/50
|move|p2a: Deb|Surf|p1a: Kricketune
|-damage|p1a: Kricketune|35\/100
|
|upkeep
|turn|17
|
|t:|1672112159
|move|p1a: Kricketune|Fury Cutter|p2a: Deb
|-damage|p2a: Deb|0 fnt
|faint|p2a: Deb
|
|upkeep
|
|t:|1672112165
|switch|p2a: Minnie|Pikachu, L10, F|27\/27
|turn|18
|
|t:|1672112171
|move|p1a: Kricketune|Fury Cutter|p2a: Minnie
|-damage|p2a: Minnie|0 fnt
|faint|p2a: Minnie
|
|upkeep
|
|t:|1672112175
|switch|p2a: Danger|Nidoran-M, L12, M|35\/35
|turn|19
|
|t:|1672112180
|move|p1a: Kricketune|Fury Cutter|p2a: Danger
|-resisted|p2a: Danger
|-damage|p2a: Danger|16\/35
|-enditem|p2a: Danger|Oran Berry|[eat]
|-heal|p2a: Danger|26\/35|[from] item: Oran Berry
|move|p2a: Danger|Peck|p1a: Kricketune
|-supereffective|p1a: Kricketune
|-damage|p1a: Kricketune|8\/100
|
|upkeep
|turn|20
|
|t:|1672112189
|move|p1a: Kricketune|Fury Cutter|p2a: Danger
|-resisted|p2a: Danger
|-damage|p2a: Danger|0 fnt
|faint|p2a: Danger
|
|upkeep
|
|t:|1672112193
|switch|p2a: ARIA|Clefairy, L8, F|30\/30
|turn|21
|
|t:|1672112198
|move|p1a: Kricketune|Growl|p2a: ARIA
|-unboost|p2a: ARIA|atk|1
|move|p2a: ARIA|Pound|p1a: Kricketune
|-damage|p1a: Kricketune|0 fnt
|faint|p1a: Kricketune
|
|upkeep
|
|t:|1672112205
|switch|p1a: Pidgey|Pidgey, L9, M|100\/100
|turn|22
|
|t:|1672112210
|move|p1a: Pidgey|Gust|p2a: ARIA
|-damage|p2a: ARIA|24\/30
|move|p2a: ARIA|Pound|p1a: Pidgey
|-damage|p1a: Pidgey|86\/100
|
|upkeep
|turn|23
|
|t:|1672112216
|move|p1a: Pidgey|Gust|p2a: ARIA
|-damage|p2a: ARIA|18\/30
|move|p2a: ARIA|Pound|p1a: Pidgey
|-damage|p1a: Pidgey|75\/100
|
|upkeep
|turn|24
|
|t:|1672112221
|move|p1a: Pidgey|Gust|p2a: ARIA
|-damage|p2a: ARIA|12\/30
|move|p2a: ARIA|Pound|p1a: Pidgey
|-damage|p1a: Pidgey|65\/100
|
|upkeep
|turn|25
|
|t:|1672112227
|move|p1a: Pidgey|Gust|p2a: ARIA
|-damage|p2a: ARIA|6\/30
|move|p2a: ARIA|Pound|p1a: Pidgey
|-damage|p1a: Pidgey|54\/100
|
|upkeep
|turn|26
|
|t:|1672112235
|move|p1a: Pidgey|Gust|p2a: ARIA
|-damage|p2a: ARIA|0 fnt
|faint|p2a: ARIA
|
|win|thyself
|c|☆thyself|good match!</script>
</div>
<div class="battle-log battle-log-inline"><div class="inner"><div class="battle-options"><div style="padding-top: 3px; padding-right: 3px; text-align: right"><button class="icon button" name="openBattleOptions" title="Options">Battle Options</button></div></div><div class="inner message-log"><div class="chat"><small>☆thyself and ☆wertercatt joined</small></div><div class=""><small>Format:</small> <br><strong>[Gen 8] National Dex AG</strong></div><div class=""><small><em>HP Percentage Mod:</em> HP is shown in percentages</small></div><div class=""><small><em>Endless Battle Clause:</em> Forcing endless battles is banned</small></div><div class="chat battle-history"><strong>thyself's team:</strong> <em style="color:#445566;display:block;">Psyduck / Machop / Gyarados / Kubfu / Kricketune / Pidgey</em></div><div class="chat battle-history"><strong>wertercatt's team:</strong> <em style="color:#445566;display:block;">Ivysaur / Butterfree / Nidoran-M / Lapras / Pikachu / Clefairy</em></div><div class="chat chatmessage-wertercatt mine"><strong style="color:#909b16"><small>☆</small><span class="username" data-name="wertercatt">wertercatt</span>:</strong> <em>(( it didn't like ARIA having Tackle for some reason))</em></div><div class="spacer battle-history"><br></div><div class="battle-history">Battle started between thyself and wertercatt!<br></div><div class="spacer battle-history"><br></div><div class="battle-history">thyself sent out <strong>Psyduck</strong>!<br></div><div class="spacer battle-history"><br></div><div class="battle-history">Go! Bilb (<strong>Ivysaur</strong>)!<br></div><div class="battle-history">[The opposing Psyduck's Cloud Nine]<br><small>The effects of the weather disappeared.</small><br></div><div class="spacer battle-history"><br></div><h2 class="battle-history">Turn 1</h2><div class="chat chatmessage-thyself"><strong style="color:#6d931f"><small>☆</small><span class="username" data-name="thyself">thyself</span>:</strong> <em>((ah I see.))</em></div><div class="spacer battle-history"><br></div><div class="battle-history">Bilb used <strong>Razor Leaf</strong>!<br></div><div class="battle-history"><small>It's super effective!</small><br></div><div class="battle-history"><small>(The opposing Psyduck lost 100% of its health!)</small><br></div><div class="spacer battle-history"><br></div><div class="battle-history">The opposing Psyduck fainted!<br></div><div class="spacer battle-history"><br></div><div class="battle-history">thyself sent out <strong>Kubfu</strong>!<br></div><div class="spacer battle-history"><br></div><h2 class="battle-history">Turn 2</h2><div class="spacer battle-history"><br></div><div class="battle-history">The opposing Kubfu used <strong>Brick Break</strong>!<br></div><div class="battle-history"><small>It's not very effective...</small><br></div><div class="battle-history"><small>(Bilb lost <abbr title="−20/72">27.8%</abbr> of its health!)</small><br></div><div class="spacer battle-history"><br></div><div class="battle-history">Bilb used <strong>Sweet Scent</strong>!<br></div><div class="battle-history"><small>The opposing Kubfu's evasiveness fell harshly!</small><br></div><div class="spacer battle-history"><br></div><h2 class="battle-history">Turn 3</h2><div class="spacer battle-history"><br></div><div class="battle-history">The opposing Kubfu used <strong>Focus Energy</strong>!<br></div><div class="battle-history"><small>The opposing Kubfu is getting pumped!</small><br></div><div class="spacer battle-history"><br></div><div class="battle-history">Bilb used <strong>Vine Whip</strong>!<br></div><div class="battle-history"><small>(The opposing Kubfu lost 26% of its health!)</small><br></div><div class="spacer battle-history"><br></div><h2 class="battle-history">Turn 4</h2><div class="spacer battle-history"><br></div><div class="battle-history">The opposing Kubfu used <strong>Aerial Ace</strong>!<br></div><div class="battle-history"><small>It's super effective!</small><br></div><div class="battle-history"><small>(Bilb lost <abbr title="−40/72">55.6%</abbr> of its health!)</small><br></div><div class="spacer battle-history"><br></div><div class="battle-history">Bilb used <strong>Razor Leaf</strong>!<br></div><div class="battle-history"><small>(The opposing Kubfu lost 49% of its health!)</small><br></div><div class="spacer battle-history"><br></div><h2 class="battle-history">Turn 5</h2><div class="spacer battle-history"><br></div><div class="battle-history">The opposing Kubfu used <strong>Aerial Ace</strong>!<br></div><div class="battle-history"><small>It's super effective!</small><br></div><div class="battle-history"><small>(Bilb lost <abbr title="−12/72">16.7%</abbr> of its health!)</small><br></div><div class="spacer battle-history"><br></div><div class="battle-history">Bilb fainted!<br></div><div class="spacer battle-history"><br></div><div class="battle-history">Go! Writhe (<strong>Butterfree</strong>)!<br></div><div class="spacer battle-history"><br></div><h2 class="battle-history">Turn 6</h2><div class="spacer battle-history"><br></div><div class="battle-history">The opposing Kubfu used <strong>Focus Energy</strong>!<br></div><div class="battle-history"><small>But it failed!</small><br></div><div class="spacer battle-history"><br></div><div class="battle-history">Writhe used <strong>Sleep Powder</strong>!<br></div><div class="battle-history"><small>The opposing Kubfu fell asleep!</small><br></div><div class="spacer battle-history"><br></div><h2 class="battle-history">Turn 7</h2><div class="spacer battle-history"><br></div><div class="battle-history">The opposing Kubfu is fast asleep.<br></div><div class="spacer battle-history"><br></div><div class="battle-history">Writhe used <strong>Gust</strong>!<br></div><div class="battle-history"><small>It's super effective!</small><br></div><div class="battle-history"><small>(The opposing Kubfu lost 25% of its health!)</small><br></div><div class="spacer battle-history"><br></div><div class="battle-history">The opposing Kubfu fainted!<br></div><div class="spacer battle-history"><br></div><div class="battle-history">thyself sent out Mr. Fish (<strong>Gyarados</strong>)!<br></div><div class="battle-history">[The opposing Mr. Fish's Intimidate]<br></div><div class="battle-history"><small>Writhe's Attack fell!</small><br></div><div class="spacer battle-history"><br></div><h2 class="battle-history">Turn 8</h2><div class="spacer battle-history"><br></div><div class="battle-history">The opposing Mr. Fish used <strong>Waterfall</strong>!<br></div><div class="battle-history"><small>(Writhe lost <abbr title="−54/54">100%</abbr> of its health!)</small><br></div><div class="spacer battle-history"><br></div><div class="battle-history">Writhe fainted!<br></div><div class="spacer battle-history"><br></div><div class="battle-history">Go! Deb (<strong>Lapras</strong>)!<br></div><div class="spacer battle-history"><br></div><h2 class="battle-history">Turn 9</h2><div class="spacer battle-history"><br></div><div class="battle-history">The opposing Mr. Fish used <strong>Scary Face</strong>!<br></div><div class="battle-history"><small>Deb's Speed fell harshly!</small><br></div><div class="spacer battle-history"><br></div><div class="battle-history">Deb used <strong>Sing</strong>!<br></div><div class="battle-history"><small>The opposing Mr. Fish avoided the attack!</small><br></div><div class="spacer battle-history"><br></div><h2 class="battle-history">Turn 10</h2><div class="spacer battle-history"><br></div><div class="battle-history">The opposing Mr. Fish used <strong>Waterfall</strong>!<br></div><div class="battle-history">[Deb's Water Absorb]<br><small>It doesn't affect Deb...</small><br></div><div class="spacer battle-history"><br></div><div class="battle-history">Deb used <strong>Sing</strong>!<br></div><div class="battle-history"><small>The opposing Mr. Fish avoided the attack!</small><br></div><div class="spacer battle-history"><br></div><h2 class="battle-history">Turn 11</h2><div class="spacer battle-history"><br></div><div class="battle-history">thyself withdrew Mr. Fish!<br></div><div class="battle-history">thyself sent out <strong>Machop</strong>!<br></div><div class="spacer battle-history"><br></div><div class="battle-history">Deb used <strong>Sing</strong>!<br></div><div class="battle-history"><small>The opposing Machop fell asleep!</small><br></div><div class="spacer battle-history"><br></div><h2 class="battle-history">Turn 12</h2><div class="spacer battle-history"><br></div><div class="battle-history">Deb used <strong>Surf</strong>!<br></div><div class="battle-history"><small>(The opposing Machop lost 32% of its health!)</small><br></div><div class="spacer battle-history"><br></div><div class="battle-history">The opposing Machop is fast asleep.<br></div><div class="spacer battle-history"><br></div><h2 class="battle-history">Turn 13</h2><div class="spacer battle-history"><br></div><div class="battle-history">Deb used <strong>Surf</strong>!<br></div><div class="battle-history"><small>(The opposing Machop lost 32% of its health!)</small><br></div><div class="spacer battle-history"><br></div><div class="battle-history">The opposing Machop is fast asleep.<br></div><div class="spacer battle-history"><br></div><h2 class="battle-history">Turn 14</h2><div class="spacer battle-history"><br></div><div class="battle-history">Deb used <strong>Surf</strong>!<br></div><div class="battle-history"><small>(The opposing Machop lost 36% of its health!)</small><br></div><div class="spacer battle-history"><br></div><div class="battle-history">The opposing Machop fainted!<br></div><div class="spacer battle-history"><br></div><div class="battle-history">thyself sent out <strong>Kricketune</strong>!<br></div><div class="spacer battle-history"><br></div><h2 class="battle-history">Turn 15</h2><div class="spacer battle-history"><br></div><div class="battle-history">The opposing Kricketune used <strong>Fury Cutter</strong>!<br></div><div class="battle-history"><small>(Deb lost <abbr title="−9/50">18%</abbr> of its health!)</small><br></div><div class="spacer battle-history"><br></div><div class="battle-history">Deb used <strong>Sing</strong>!<br></div><div class="battle-history"><small>The opposing Kricketune avoided the attack!</small><br></div><div class="spacer battle-history"><br></div><h2 class="battle-history">Turn 16</h2><div class="spacer battle-history"><br></div><div class="battle-history">The opposing Kricketune used <strong>Fury Cutter</strong>!<br></div><div class="battle-history"><small>(Deb lost <abbr title="−16/50">32%</abbr> of its health!)</small><br></div><div class="spacer battle-history"><br></div><div class="battle-history">Deb used <strong>Surf</strong>!<br></div><div class="battle-history"><small>(The opposing Kricketune lost 65% of its health!)</small><br></div><div class="spacer battle-history"><br></div><h2 class="battle-history">Turn 17</h2><div class="spacer battle-history"><br></div><div class="battle-history">The opposing Kricketune used <strong>Fury Cutter</strong>!<br></div><div class="battle-history"><small>(Deb lost <abbr title="−25/50">50%</abbr> of its health!)</small><br></div><div class="spacer battle-history"><br></div><div class="battle-history">Deb fainted!<br></div><div class="spacer battle-history"><br></div><div class="battle-history">Go! Minnie (<strong>Pikachu</strong>)!<br></div><div class="spacer battle-history"><br></div><h2 class="battle-history">Turn 18</h2><div class="spacer battle-history"><br></div><div class="battle-history">The opposing Kricketune used <strong>Fury Cutter</strong>!<br></div><div class="battle-history"><small>(Minnie lost <abbr title="−27/27">100%</abbr> of its health!)</small><br></div><div class="spacer battle-history"><br></div><div class="battle-history">Minnie fainted!<br></div><div class="spacer battle-history"><br></div><div class="battle-history">Go! Danger (<strong>Nidoran-M</strong>)!<br></div><div class="spacer battle-history"><br></div><h2 class="battle-history">Turn 19</h2><div class="spacer battle-history"><br></div><div class="battle-history">The opposing Kricketune used <strong>Fury Cutter</strong>!<br></div><div class="battle-history"><small>It's not very effective...</small><br></div><div class="battle-history"><small>(Danger lost <abbr title="−19/35">54.3%</abbr> of its health!)</small><br></div><div class="battle-history"><small>(Danger ate its Oran Berry!)</small><br></div><div class="battle-history"><small>Danger restored HP using its Oran Berry!</small><br></div><div class="spacer battle-history"><br></div><div class="battle-history">Danger used <strong>Peck</strong>!<br></div><div class="battle-history"><small>It's super effective!</small><br></div><div class="battle-history"><small>(The opposing Kricketune lost 27% of its health!)</small><br></div><div class="spacer battle-history"><br></div><h2 class="battle-history">Turn 20</h2><div class="spacer battle-history"><br></div><div class="battle-history">The opposing Kricketune used <strong>Fury Cutter</strong>!<br></div><div class="battle-history"><small>It's not very effective...</small><br></div><div class="battle-history"><small>(Danger lost <abbr title="−26/35">74.3%</abbr> of its health!)</small><br></div><div class="spacer battle-history"><br></div><div class="battle-history">Danger fainted!<br></div><div class="spacer battle-history"><br></div><div class="battle-history">Go! ARIA (<strong>Clefairy</strong>)!<br></div><div class="spacer battle-history"><br></div><h2 class="battle-history">Turn 21</h2><div class="spacer battle-history"><br></div><div class="battle-history">The opposing Kricketune used <strong>Growl</strong>!<br></div><div class="battle-history"><small>ARIA's Attack fell!</small><br></div><div class="spacer battle-history"><br></div><div class="battle-history">ARIA used <strong>Pound</strong>!<br></div><div class="battle-history"><small>(The opposing Kricketune lost 8% of its health!)</small><br></div><div class="spacer battle-history"><br></div><div class="battle-history">The opposing Kricketune fainted!<br></div><div class="spacer battle-history"><br></div><div class="battle-history">thyself sent out <strong>Pidgey</strong>!<br></div><div class="spacer battle-history"><br></div><h2 class="battle-history">Turn 22</h2><div class="spacer battle-history"><br></div><div class="battle-history">The opposing Pidgey used <strong>Gust</strong>!<br></div><div class="battle-history"><small>(ARIA lost <abbr title="−6/30">20%</abbr> of its health!)</small><br></div><div class="spacer battle-history"><br></div><div class="battle-history">ARIA used <strong>Pound</strong>!<br></div><div class="battle-history"><small>(The opposing Pidgey lost 14% of its health!)</small><br></div><div class="spacer battle-history"><br></div><h2 class="battle-history">Turn 23</h2><div class="spacer battle-history"><br></div><div class="battle-history">The opposing Pidgey used <strong>Gust</strong>!<br></div><div class="battle-history"><small>(ARIA lost <abbr title="−6/30">20%</abbr> of its health!)</small><br></div><div class="spacer battle-history"><br></div><div class="battle-history">ARIA used <strong>Pound</strong>!<br></div><div class="battle-history"><small>(The opposing Pidgey lost 11% of its health!)</small><br></div><div class="spacer battle-history"><br></div><h2 class="battle-history">Turn 24</h2><div class="spacer battle-history"><br></div><div class="battle-history">The opposing Pidgey used <strong>Gust</strong>!<br></div><div class="battle-history"><small>(ARIA lost <abbr title="−6/30">20%</abbr> of its health!)</small><br></div><div class="spacer battle-history"><br></div><div class="battle-history">ARIA used <strong>Pound</strong>!<br></div><div class="battle-history"><small>(The opposing Pidgey lost 10% of its health!)</small><br></div><div class="spacer battle-history"><br></div><h2 class="battle-history">Turn 25</h2><div class="spacer battle-history"><br></div><div class="battle-history">The opposing Pidgey used <strong>Gust</strong>!<br></div><div class="battle-history"><small>(ARIA lost <abbr title="−6/30">20%</abbr> of its health!)</small><br></div><div class="spacer battle-history"><br></div><div class="battle-history">ARIA used <strong>Pound</strong>!<br></div><div class="battle-history"><small>(The opposing Pidgey lost 11% of its health!)</small><br></div><div class="spacer battle-history"><br></div><h2 class="battle-history">Turn 26</h2><div class="spacer battle-history"><br></div><div class="battle-history">The opposing Pidgey used <strong>Gust</strong>!<br></div><div class="battle-history"><small>(ARIA lost <abbr title="−6/30">20%</abbr> of its health!)</small><br></div><div class="spacer battle-history"><br></div><div class="battle-history">ARIA fainted!<br></div><div class="spacer battle-history"><br></div><div class="battle-history"><strong>thyself</strong> won the battle!<br></div><div class="chat chatmessage-thyself"><strong style="color:#6d931f"><small>☆</small><span class="username" data-name="thyself">thyself</span>:</strong> <em>good match!</em></div></div><div class="inner-preempt message-log"></div></div></div>
</div>
<script>
let daily = Math.floor(Date.now()/1000/60/60/24);document.write('<script src="https://play.pokemonshowdown.com/js/replay-embed.js?version'+daily+'"></'+'script>');
</script>
