<!DOCTYPE html>
<meta charset="utf-8" />
<!-- version 1 -->
<title>[Gen 9] National Dex AG replay: wertercatt vs. lavendersiren</title>
<style>
html,body {font-family:Verdana, sans-serif;font-size:10pt;margin:0;padding:0;}body{padding:12px 0;} .battle-log {font-family:Verdana, sans-serif;font-size:10pt;} .battle-log-inline {border:1px solid #AAAAAA;background:#EEF2F5;color:black;max-width:640px;margin:0 auto 80px;padding-bottom:5px;} .battle-log .inner {padding:4px 8px 0px 8px;} .battle-log .inner-preempt {padding:0 8px 4px 8px;} .battle-log .inner-after {margin-top:0.5em;} .battle-log h2 {margin:0.5em -8px;padding:4px 8px;border:1px solid #AAAAAA;background:#E0E7EA;border-left:0;border-right:0;font-family:Verdana, sans-serif;font-size:13pt;} .battle-log .chat {vertical-align:middle;padding:3px 0 3px 0;font-size:8pt;} .battle-log .chat strong {color:#40576A;} .battle-log .chat em {padding:1px 4px 1px 3px;color:#000000;font-style:normal;} .chat.mine {background:rgba(0,0,0,0.05);margin-left:-8px;margin-right:-8px;padding-left:8px;padding-right:8px;} .spoiler {color:#BBBBBB;background:#BBBBBB;padding:0px 3px;} .spoiler:hover, .spoiler:active, .spoiler-shown {color:#000000;background:#E2E2E2;padding:0px 3px;} .spoiler a {color:#BBBBBB;} .spoiler:hover a, .spoiler:active a, .spoiler-shown a {color:#2288CC;} .chat code, .chat .spoiler:hover code, .chat .spoiler:active code, .chat .spoiler-shown code {border:1px solid #C0C0C0;background:#EEEEEE;color:black;padding:0 2px;} .chat .spoiler code {border:1px solid #CCCCCC;background:#CCCCCC;color:#CCCCCC;} .battle-log .rated {padding:3px 4px;} .battle-log .rated strong {color:white;background:#89A;padding:1px 4px;border-radius:4px;} .spacer {margin-top:0.5em;} .message-announce {background:#6688AA;color:white;padding:1px 4px 2px;} .message-announce a, .broadcast-green a, .broadcast-blue a, .broadcast-red a {color:#DDEEFF;} .broadcast-green {background-color:#559955;color:white;padding:2px 4px;} .broadcast-blue {background-color:#6688AA;color:white;padding:2px 4px;} .infobox {border:1px solid #6688AA;padding:2px 4px;} .infobox-limited {max-height:200px;overflow:auto;overflow-x:hidden;} .broadcast-red {background-color:#AA5544;color:white;padding:2px 4px;} .message-learn-canlearn {font-weight:bold;color:#228822;text-decoration:underline;} .message-learn-cannotlearn {font-weight:bold;color:#CC2222;text-decoration:underline;} .message-effect-weak {font-weight:bold;color:#CC2222;} .message-effect-resist {font-weight:bold;color:#6688AA;} .message-effect-immune {font-weight:bold;color:#666666;} .message-learn-list {margin-top:0;margin-bottom:0;} .message-throttle-notice, .message-error {color:#992222;} .message-overflow, .chat small.message-overflow {font-size:0pt;} .message-overflow::before {font-size:9pt;content:'...';} .subtle {color:#3A4A66;}
</style>
<div class="wrapper replay-wrapper" style="max-width:1180px;margin:0 auto">
<input type="hidden" name="replayid" value="gen9nationaldexag-1754863859" />
<div class="battle"></div><div class="battle-log"></div><div class="replay-controls"></div><div class="replay-controls-2"></div>
<h1 style="font-weight:normal;text-align:center"><strong>[Gen 9] National Dex AG</strong><br /><a href="http://pokemonshowdown.com/users/wertercatt" class="subtle" target="_blank">wertercatt</a> vs. <a href="http://pokemonshowdown.com/users/lavendersiren" class="subtle" target="_blank">lavendersiren</a></h1>
<script type="text/plain" class="battle-log-data">|j|☆wertercatt
|j|☆lavendersiren
|t:|1672114839
|gametype|singles
|player|p1|wertercatt|265|
|player|p2|lavendersiren|erika|
|teamsize|p1|6
|teamsize|p2|2
|gen|9
|tier|[Gen 9] National Dex AG
|rule|HP Percentage Mod: HP is shown in percentages
|rule|Endless Battle Clause: Forcing endless battles is banned
|clearpoke
|poke|p1|Ivysaur, L25, M|
|poke|p1|Butterfree, L17, M|
|poke|p1|Nidoran-M, L12, M|
|poke|p1|Lapras, L11, F|
|poke|p1|Pikachu, L10, F|
|poke|p1|Clefairy, L8, F|
|poke|p2|Slowpoke, L30, F|
|poke|p2|Larvesta, L20, M|
|teampreview
|c|☆lavendersiren|let's do this!
|
|t:|1672114873
|start
|switch|p1a: Deb|Lapras, L11, F|100\/100
|switch|p2a: Slope|Slowpoke, L30, F|100\/100
|turn|1
|c|☆wertercatt|Alright!
|
|t:|1672114887
|move|p1a: Deb|Growl|p2a: Slope
|-unboost|p2a: Slope|atk|1
|move|p2a: Slope|Headbutt|p1a: Deb
|-damage|p1a: Deb|40\/100
|
|upkeep
|turn|2
|
|t:|1672114895
|switch|p1a: Bilb|Ivysaur, L25, M|100\/100
|move|p2a: Slope|Confusion|p1a: Bilb
|-supereffective|p1a: Bilb
|-damage|p1a: Bilb|59\/100
|
|upkeep
|turn|3
|c|☆lavendersiren|haha!
|
|t:|1672114913
|move|p1a: Bilb|Razor Leaf|p2a: Slope
|-supereffective|p2a: Slope
|-damage|p2a: Slope|66\/100
|move|p2a: Slope|Confusion|p1a: Bilb
|-supereffective|p1a: Bilb
|-damage|p1a: Bilb|17\/100
|-start|p1a: Bilb|confusion
|
|upkeep
|turn|4
|
|t:|1672114927
|-activate|p1a: Bilb|confusion
|move|p1a: Bilb|Razor Leaf|p2a: Slope
|-supereffective|p2a: Slope
|-damage|p2a: Slope|20\/100
|move|p2a: Slope|Confusion|p1a: Bilb
|-supereffective|p1a: Bilb
|-crit|p1a: Bilb
|-damage|p1a: Bilb|0 fnt
|faint|p1a: Bilb
|
|upkeep
|
|t:|1672114936
|switch|p1a: Minnie|Pikachu, L10, F|100\/100
|turn|5
|
|t:|1672114942
|switch|p2a: Larvesta|Larvesta, L20, M|100\/100
|move|p1a: Minnie|Thunder Punch|p2a: Larvesta
|-damage|p2a: Larvesta|85\/100
|
|upkeep
|turn|6
|
|t:|1672114953
|move|p2a: Larvesta|Leech Life|p1a: Minnie
|-damage|p1a: Minnie|0 fnt
|-heal|p2a: Larvesta|100\/100|[from] drain|[of] p1a: Minnie
|faint|p1a: Minnie
|
|upkeep
|
|t:|1672114959
|switch|p1a: Deb|Lapras, L11, F|40\/100
|turn|7
|
|t:|1672114969
|move|p2a: Larvesta|Take Down|p1a: Deb|[miss]
|-miss|p2a: Larvesta|p1a: Deb
|move|p1a: Deb|Surf|p2a: Larvesta
|-supereffective|p2a: Larvesta
|-damage|p2a: Larvesta|67\/100
|
|upkeep
|turn|8
|c|☆lavendersiren|oh wow sunburst!
|
|t:|1672114987
|move|p2a: Larvesta|Take Down|p1a: Deb
|-damage|p1a: Deb|0 fnt
|faint|p1a: Deb
|-damage|p2a: Larvesta|58\/100|[from] Recoil
|
|upkeep
|
|t:|1672114994
|switch|p1a: Writhe|Butterfree, L17, M|100\/100
|turn|9
|c|☆lavendersiren|you're doing excellent!
|
|t:|1672115005
|move|p2a: Larvesta|Ember|p1a: Writhe
|-supereffective|p1a: Writhe
|-damage|p1a: Writhe|63\/100
|move|p1a: Writhe|Sleep Powder|p2a: Larvesta
|-status|p2a: Larvesta|slp|[from] move: Sleep Powder
|
|upkeep
|turn|10
|j| courageousscribe
|l| courageousscribe
|c|☆lavendersiren|Hmm...
|
|t:|1672115025
|cant|p2a: Larvesta|slp
|move|p1a: Writhe|Gust|p2a: Larvesta
|-supereffective|p2a: Larvesta
|-damage|p2a: Larvesta|24\/100 slp
|
|upkeep
|turn|11
|c|☆lavendersiren|Wake up, sunburst!!
|
|t:|1672115046
|-curestatus|p2a: Larvesta|slp|[msg]
|move|p2a: Larvesta|Ember|p1a: Writhe
|-supereffective|p1a: Writhe
|-damage|p1a: Writhe|26\/100
|-enditem|p1a: Writhe|Sitrus Berry|[eat]
|-heal|p1a: Writhe|50\/100|[from] item: Sitrus Berry
|move|p1a: Writhe|Gust|p2a: Larvesta
|-supereffective|p2a: Larvesta
|-damage|p2a: Larvesta|0 fnt
|faint|p2a: Larvesta
|
|upkeep
|c|☆lavendersiren|agh...
|
|t:|1672115058
|switch|p2a: Slope|Slowpoke, L30, F|20\/100
|turn|12
|
|t:|1672115066
|move|p1a: Writhe|Poison Powder|p2a: Slope
|-status|p2a: Slope|psn
|move|p2a: Slope|Water Gun|p1a: Writhe
|-damage|p1a: Writhe|15\/100
|
|-damage|p2a: Slope|7\/100 psn|[from] psn
|upkeep
|turn|13
|c|☆lavendersiren|hold on....
|
|t:|1672115079
|move|p1a: Writhe|Gust|p2a: Slope
|-damage|p2a: Slope|0 fnt
|faint|p2a: Slope
|
|win|wertercatt
</script>
</div>
<div class="battle-log battle-log-inline"><div class="inner"><div class="battle-options"></div><div class="inner message-log"><div class="chat"><small>☆wertercatt and ☆lavendersiren joined</small></div><div class=""><small>Format:</small> <br><strong>[Gen 9] National Dex AG</strong></div><div class=""><small><em>HP Percentage Mod:</em> HP is shown in percentages</small></div><div class=""><small><em>Endless Battle Clause:</em> Forcing endless battles is banned</small></div><div class="chat battle-history"><strong>wertercatt's team:</strong> <em style="color:#445566;display:block;">Ivysaur / Butterfree / Nidoran-M / Lapras / Pikachu / Clefairy</em></div><div class="chat battle-history"><strong>lavendersiren's team:</strong> <em style="color:#445566;display:block;">Slowpoke / Larvesta</em></div><div class="chat chatmessage-lavendersiren"><strong style="color:#5fa72f"><small>☆</small><span class="username" data-name="lavendersiren">lavendersiren</span>:</strong> <em>let's do this!</em></div><div class="spacer battle-history"><br></div><div class="battle-history">Battle started between wertercatt and lavendersiren!<br></div><div class="spacer battle-history"><br></div><div class="battle-history">Go! Deb (<strong>Lapras</strong>)!<br></div><div class="spacer battle-history"><br></div><div class="battle-history">lavendersiren sent out Slope (<strong>Slowpoke</strong>)!<br></div><div class="spacer battle-history"><br></div><h2 class="battle-history">Turn 1</h2><div class="chat chatmessage-wertercatt"><strong style="color:#909b16"><small>☆</small><span class="username" data-name="wertercatt">wertercatt</span>:</strong> <em>Alright!</em></div><div class="spacer battle-history"><br></div><div class="battle-history">Deb used <strong>Growl</strong>!<br></div><div class="battle-history"><small>The opposing Slope's Attack fell!</small><br></div><div class="spacer battle-history"><br></div><div class="battle-history">The opposing Slope used <strong>Headbutt</strong>!<br></div><div class="battle-history"><small>(Deb lost 60% of its health!)</small><br></div><div class="spacer battle-history"><br></div><h2 class="battle-history">Turn 2</h2><div class="spacer battle-history"><br></div><div class="battle-history">Deb, come back!<br></div><div class="battle-history">Go! Bilb (<strong>Ivysaur</strong>)!<br></div><div class="spacer battle-history"><br></div><div class="battle-history">The opposing Slope used <strong>Confusion</strong>!<br></div><div class="battle-history"><small>It's super effective!</small><br></div><div class="battle-history"><small>(Bilb lost 41% of its health!)</small><br></div><div class="spacer battle-history"><br></div><h2 class="battle-history">Turn 3</h2><div class="chat chatmessage-lavendersiren"><strong style="color:#5fa72f"><small>☆</small><span class="username" data-name="lavendersiren">lavendersiren</span>:</strong> <em>haha!</em></div><div class="spacer battle-history"><br></div><div class="battle-history">Bilb used <strong>Razor Leaf</strong>!<br></div><div class="battle-history"><small>It's super effective!</small><br></div><div class="battle-history"><small>(The opposing Slope lost 34% of its health!)</small><br></div><div class="spacer battle-history"><br></div><div class="battle-history">The opposing Slope used <strong>Confusion</strong>!<br></div><div class="battle-history"><small>It's super effective!</small><br></div><div class="battle-history"><small>(Bilb lost 42% of its health!)</small><br></div><div class="battle-history"><small>Bilb became confused!</small><br></div><div class="spacer battle-history"><br></div><h2 class="battle-history">Turn 4</h2><div class="spacer battle-history"><br></div><div class="battle-history"><small>Bilb is confused!</small><br></div><div class="battle-history">Bilb used <strong>Razor Leaf</strong>!<br></div><div class="battle-history"><small>It's super effective!</small><br></div><div class="battle-history"><small>(The opposing Slope lost 46% of its health!)</small><br></div><div class="spacer battle-history"><br></div><div class="battle-history">The opposing Slope used <strong>Confusion</strong>!<br></div><div class="battle-history"><small>It's super effective!</small><br></div><div class="battle-history"><small>A critical hit!</small><br></div><div class="battle-history"><small>(Bilb lost 17% of its health!)</small><br></div><div class="spacer battle-history"><br></div><div class="battle-history">Bilb fainted!<br></div><div class="spacer battle-history"><br></div><div class="battle-history">Go! Minnie (<strong>Pikachu</strong>)!<br></div><div class="spacer battle-history"><br></div><h2 class="battle-history">Turn 5</h2><div class="spacer battle-history"><br></div><div class="battle-history">lavendersiren withdrew Slope!<br></div><div class="battle-history">lavendersiren sent out <strong>Larvesta</strong>!<br></div><div class="spacer battle-history"><br></div><div class="battle-history">Minnie used <strong>Thunder Punch</strong>!<br></div><div class="battle-history"><small>(The opposing Larvesta lost 15% of its health!)</small><br></div><div class="spacer battle-history"><br></div><h2 class="battle-history">Turn 6</h2><div class="spacer battle-history"><br></div><div class="battle-history">The opposing Larvesta used <strong>Leech Life</strong>!<br></div><div class="battle-history"><small>(Minnie lost 100% of its health!)</small><br></div><div class="battle-history"><small>Minnie had its energy drained!</small><br></div><div class="spacer battle-history"><br></div><div class="battle-history">Minnie fainted!<br></div><div class="spacer battle-history"><br></div><div class="battle-history">Go! Deb (<strong>Lapras</strong>)!<br></div><div class="spacer battle-history"><br></div><h2 class="battle-history">Turn 7</h2><div class="spacer battle-history"><br></div><div class="battle-history">The opposing Larvesta used <strong>Take Down</strong>!<br></div><div class="battle-history"><small>Deb avoided the attack!</small><br></div><div class="spacer battle-history"><br></div><div class="battle-history">Deb used <strong>Surf</strong>!<br></div><div class="battle-history"><small>It's super effective!</small><br></div><div class="battle-history"><small>(The opposing Larvesta lost 33% of its health!)</small><br></div><div class="spacer battle-history"><br></div><h2 class="battle-history">Turn 8</h2><div class="chat chatmessage-lavendersiren"><strong style="color:#5fa72f"><small>☆</small><span class="username" data-name="lavendersiren">lavendersiren</span>:</strong> <em>oh wow sunburst!</em></div><div class="spacer battle-history"><br></div><div class="battle-history">The opposing Larvesta used <strong>Take Down</strong>!<br></div><div class="battle-history"><small>(Deb lost 40% of its health!)</small><br></div><div class="spacer battle-history"><br></div><div class="battle-history">Deb fainted!<br></div><div class="battle-history"><small>The opposing Larvesta was damaged by the recoil!</small><br></div><div class="spacer battle-history"><br></div><div class="battle-history">Go! Writhe (<strong>Butterfree</strong>)!<br></div><div class="spacer battle-history"><br></div><h2 class="battle-history">Turn 9</h2><div class="chat chatmessage-lavendersiren"><strong style="color:#5fa72f"><small>☆</small><span class="username" data-name="lavendersiren">lavendersiren</span>:</strong> <em>you're doing excellent!</em></div><div class="spacer battle-history"><br></div><div class="battle-history">The opposing Larvesta used <strong>Ember</strong>!<br></div><div class="battle-history"><small>It's super effective!</small><br></div><div class="battle-history"><small>(Writhe lost 37% of its health!)</small><br></div><div class="spacer battle-history"><br></div><div class="battle-history">Writhe used <strong>Sleep Powder</strong>!<br></div><div class="battle-history"><small>The opposing Larvesta fell asleep!</small><br></div><div class="spacer battle-history"><br></div><h2 class="battle-history">Turn 10</h2><div class="chat"><small> courageousscribe joined;  courageousscribe left</small></div><div class="chat chatmessage-lavendersiren"><strong style="color:#5fa72f"><small>☆</small><span class="username" data-name="lavendersiren">lavendersiren</span>:</strong> <em>Hmm...</em></div><div class="spacer battle-history"><br></div><div class="battle-history">The opposing Larvesta is fast asleep.<br></div><div class="spacer battle-history"><br></div><div class="battle-history">Writhe used <strong>Gust</strong>!<br></div><div class="battle-history"><small>It's super effective!</small><br></div><div class="battle-history"><small>(The opposing Larvesta lost 34% of its health!)</small><br></div><div class="spacer battle-history"><br></div><h2 class="battle-history">Turn 11</h2><div class="chat chatmessage-lavendersiren"><strong style="color:#5fa72f"><small>☆</small><span class="username" data-name="lavendersiren">lavendersiren</span>:</strong> <em>Wake up, sunburst!!</em></div><div class="spacer battle-history"><br></div><div class="battle-history"><small>The opposing Larvesta woke up!</small><br></div><div class="spacer battle-history"><br></div><div class="battle-history">The opposing Larvesta used <strong>Ember</strong>!<br></div><div class="battle-history"><small>It's super effective!</small><br></div><div class="battle-history"><small>(Writhe lost 37% of its health!)</small><br></div><div class="battle-history"><small>(Writhe ate its Sitrus Berry!)</small><br></div><div class="battle-history"><small>Writhe restored HP using its Sitrus Berry!</small><br></div><div class="spacer battle-history"><br></div><div class="battle-history">Writhe used <strong>Gust</strong>!<br></div><div class="battle-history"><small>It's super effective!</small><br></div><div class="battle-history"><small>(The opposing Larvesta lost 24% of its health!)</small><br></div><div class="spacer battle-history"><br></div><div class="battle-history">The opposing Larvesta fainted!<br></div><div class="chat chatmessage-lavendersiren"><strong style="color:#5fa72f"><small>☆</small><span class="username" data-name="lavendersiren">lavendersiren</span>:</strong> <em>agh...</em></div><div class="spacer battle-history"><br></div><div class="battle-history">lavendersiren sent out Slope (<strong>Slowpoke</strong>)!<br></div><div class="spacer battle-history"><br></div><h2 class="battle-history">Turn 12</h2><div class="spacer battle-history"><br></div><div class="battle-history">Writhe used <strong>Poison Powder</strong>!<br></div><div class="battle-history"><small>The opposing Slope was poisoned!</small><br></div><div class="spacer battle-history"><br></div><div class="battle-history">The opposing Slope used <strong>Water Gun</strong>!<br></div><div class="battle-history"><small>(Writhe lost 35% of its health!)</small><br></div><div class="spacer battle-history"><br></div><div class="battle-history"><small>The opposing Slope was hurt by poison!</small><br></div><div class="spacer battle-history"><br></div><h2 class="battle-history">Turn 13</h2><div class="chat chatmessage-lavendersiren"><strong style="color:#5fa72f"><small>☆</small><span class="username" data-name="lavendersiren">lavendersiren</span>:</strong> <em>hold on....</em></div><div class="spacer battle-history"><br></div><div class="battle-history">Writhe used <strong>Gust</strong>!<br></div><div class="battle-history"><small>(The opposing Slope lost 7% of its health!)</small><br></div><div class="spacer battle-history"><br></div><div class="battle-history">The opposing Slope fainted!<br></div><div class="spacer battle-history"><br></div><div class="battle-history"><strong>wertercatt</strong> won the battle!<br></div></div><div class="inner-preempt message-log"></div></div></div>
</div>
<script>
let daily = Math.floor(Date.now()/1000/60/60/24);document.write('<script src="https://play.pokemonshowdown.com/js/replay-embed.js?version'+daily+'"></'+'script>');
</script>
